@book {MR2265914,
    AUTHOR = {Quarteroni, Alfio and Sacco, Riccardo and Saleri, Fausto},
     TITLE = {Numerical mathematics},
    SERIES = {Texts in Applied Mathematics},
    VOLUME = {37},
   EDITION = {Second},
 PUBLISHER = {Springer-Verlag, Berlin},
      YEAR = {2007},
     PAGES = {xviii+655},
      ISBN = {978-3-540-34658-6; 3-540-34658-9},
   MRCLASS = {65-01},
  MRNUMBER = {2265914},
       DOI = {10.1007/b98885},
}

@book{Legat,
    author = {Legat, Vincent},
    title = {Mathématiques et méthodes numériques},
    year = {2009},
    publisher={Lecture notes for the course EPL1104 at École polytechnique de Louvain},
    url={https://perso.uclouvain.be/vincent.legat/documents/epl1104/epl1104-notes-v8-2.pdf},
}

@book{VanDooren,
    author = {Van Dooren, Paul},
    title = {Analyse numérique},
    year = {2012},
    publisher={Lecture notes for the course INMA1170 at École polytechnique de Louvain},
}

@ARTICLE{ieee754,
  author={},
  journal={ANSI/IEEE Std 754-1985},
  title={{IEEE} {S}tandard for {B}inary {F}loating-{P}oint {A}rithmetic},
  year={1985},
  volume={},
  number={},
  pages={1-20},
  doi={10.1109/IEEESTD.1985.82928}
}

@ARTICLE{ieee2008,
  author={},
  journal={IEEE Std 754-2008},
  title={{IEEE} {S}tandard {f}or {F}loating-{P}oint {A}rithmetic},
  year={2008},
  volume={},
  number={},
  pages={1-70},
  doi={10.1109/IEEESTD.2008.4610935}}

@ARTICLE{ieee2019,
  author={},
  journal={IEEE Std 754-2019},
  title={{IEEE} {S}tandard for {F}loating-{P}oint {A}rithmetic},
  year={2019},
  volume={},
  number={},
  pages={1-84},
  doi={10.1109/IEEESTD.2019.8766229}}

@article{goldberg1991every,
  title={What every computer scientist should know about floating-point arithmetic},
  author={Goldberg, David},
  journal={ACM computing surveys (CSUR)},
  volume={23},
  number={1},
  pages={5--48},
  year={1991},
  publisher={ACM New York, NY, USA}
}
