@book {MR2265914,
    AUTHOR = {Quarteroni, Alfio and Sacco, Riccardo and Saleri, Fausto},
     TITLE = {Numerical mathematics},
    SERIES = {Texts in Applied Mathematics},
    VOLUME = {37},
   EDITION = {Second},
 PUBLISHER = {Springer-Verlag, Berlin},
      YEAR = {2007},
     PAGES = {xviii+655},
      ISBN = {978-3-540-34658-6; 3-540-34658-9},
   MRCLASS = {65-01},
  MRNUMBER = {2265914},
       DOI = {10.1007/b98885},
       URL = {https://doi-org.extranet.enpc.fr/10.1007/b98885},
}
	
